<searchRetrieveResponse xmlns="http://www.loc.gov/zing/srw/" xmlns:oclcterms="http://purl.org/oclc/terms/" xmlns:dc="http://purl.org/dc/elements/1.1/" xmlns:diag="http://www.loc.gov/zing/srw/diagnostic/" xmlns:xsi="http://www.w3.org/2001/XMLSchema-instance">
<version>1.1</version>
<numberOfRecords>430835</numberOfRecords>
<records>
<record>
<recordSchema>marcxml</recordSchema>
<recordPacking>xml</recordPacking>
<recordData>
<record xmlns="http://www.loc.gov/MARC21/slim">
    <leader>00000cgm a2200000Ia 4500</leader>
    <controlfield tag="001">57408580</controlfield>
    <controlfield tag="008">050112p20041989cau700            vleng d</controlfield>
    <datafield ind1=" " ind2=" " tag="020">
      <subfield code="a">1415702470</subfield>
    </datafield>
    <datafield ind1=" " ind2=" " tag="020">
      <subfield code="a">9781415702475</subfield>
    </datafield>
    <datafield ind1=" " ind2=" " tag="020">
      <subfield code="a">0780638875 (set)</subfield>
    </datafield>
    <datafield ind1=" " ind2=" " tag="020">
      <subfield code="a">9780780638877 (set)</subfield>
    </datafield>
    <datafield ind1="0" ind2=" " tag="130">
      <subfield code="a">Civil War (Television program)</subfield>
    </datafield>
    <datafield ind1="1" ind2="4" tag="245">
      <subfield code="a">The Civil War</subfield>
      <subfield code="h">[videorecording] /</subfield>
      <subfield code="c">a Florentine Films presentation ; a film by Ken Burns ; produced by Ken Burns and Ric Burns ; written by Geoffrey C. Ward and Ric Burns with Ken Burns ; produced in association with WETA-TV ; a production of Florentine Films.</subfield>
    </datafield>
    <datafield ind1=" " ind2=" " tag="260">
      <subfield code="a">Burbank, CA :</subfield>
      <subfield code="b">PBS Home Video :</subfield>
      <subfield code="b">Distributed by Paramount Home Entertainment,</subfield>
      <subfield code="c">2004.</subfield>
    </datafield>
    <datafield ind1=" " ind2=" " tag="300">
      <subfield code="a">5 videodiscs (ca. 700 min.) :</subfield>
      <subfield code="b">sd., col. with b&amp;w ;</subfield>
      <subfield code="c">4 3/4 in.</subfield>
    </datafield>
    <datafield ind1=" " ind2=" " tag="538">
      <subfield code="a">DVD, NTSC; 5.1 surround sound, digitally remastered.</subfield>
    </datafield>
    <datafield ind1=" " ind2=" " tag="546">
      <subfield code="a">Closed-captioned.</subfield>
    </datafield>
    <datafield ind1=" " ind2=" " tag="500">
      <subfield code="a">Originally broadcast as a television mini-series in 1990; produced in 1989.</subfield>
    </datafield>
    <datafield ind1=" " ind2=" " tag="500">
      <subfield code="a">Special features, disc 1: behind-the-scenes: "The Civil War Reconstruction" ; commentary track by Ken Burns ; interviews with George Will, Shelby Foote and Stanley Crouch ; biography cards and battlefield maps.</subfield>
    </datafield>
    <datafield ind1="8" ind2=" " tag="521">
      <subfield code="a">MPAA rating: Not rated.</subfield>
    </datafield>
    <datafield ind1=" " ind2=" " tag="520">
      <subfield code="a">An epic documentary bringing life to America's most destructive - and defining - conflict. Here is the saga of celebrated generals and the ordinary soldiers. A heroic and transcendent president and a country that had to divide itself in two in order to become one again.</subfield>
    </datafield>
    <datafield ind1="0" ind2="0" tag="505">
      <subfield code="g">disc 1. Episode one :</subfield>
      <subfield code="t">the Cause (1861) --</subfield>
      <subfield code="g">disc 2. Episodes two and three :</subfield>
      <subfield code="t">A Very Bloody Affair, Forever Free (1862) --</subfield>
      <subfield code="g">disc 3. Episodes four and five :</subfield>
      <subfield code="t">Simply Murder,</subfield>
      <subfield code="t">the Universe of Battle (1863) --</subfield>
      <subfield code="g">disc 4. Episodes six and seven :</subfield>
      <subfield code="t">Valley of the Shadow of Death,</subfield>
      <subfield code="t">Most Hallowed Ground (1864) --</subfield>
      <subfield code="g">disc 5. Episodes eight and nine :</subfield>
      <subfield code="t">War is All Hell,</subfield>
      <subfield code="t">the Better Angles of Our Nature (1865).</subfield>
    </datafield>
    <datafield ind1=" " ind2=" " tag="586">
      <subfield code="a">Emmy Awards, 1991: Emmy Outstanding Individual Achievement - Informational Programming (Geoffrey C. Ward (writer), Ric Burns (writer), Ken Burns (writer) - For episode #9: "The Better Angels Of Our Nature") ; Outstanding Informational Series (Ken Burns (producer), Ric Burns (producer), Stephen Ives (co-producer), Julie Dunfey (co-producer), Mike Hill (co-producer), Catherine Eisele (coordinating producer) - For episode #5 "The Universe Of Battle").</subfield>
    </datafield>
    <datafield ind1=" " ind2="0" tag="651">
      <subfield code="a">United States</subfield>
      <subfield code="x">History</subfield>
      <subfield code="y">Civil War, 1861-1865.</subfield>
    </datafield>
    <datafield ind1=" " ind2="0" tag="651">
      <subfield code="a">Confederate States of America</subfield>
      <subfield code="x">History, Military.</subfield>
    </datafield>
    <datafield ind1=" " ind2="0" tag="650">
      <subfield code="a">Military art and science</subfield>
      <subfield code="x">History.</subfield>
    </datafield>
    <datafield ind1="1" ind2="0" tag="600">
      <subfield code="a">Lincoln, Abraham,</subfield>
      <subfield code="d">1809-1865.</subfield>
    </datafield>
    <datafield ind1=" " ind2="0" tag="650">
      <subfield code="a">Bull Run, 1st Battle of, Va., 1861.</subfield>
    </datafield>
    <datafield ind1=" " ind2="0" tag="655">
      <subfield code="a">DVD-Video discs.</subfield>
    </datafield>
    <datafield ind1=" " ind2="4" tag="655">
      <subfield code="a">Television programs</subfield>
      <subfield code="z">United States.</subfield>
    </datafield>
    <datafield ind1=" " ind2="7" tag="655">
      <subfield code="a">Historical television programs.</subfield>
      <subfield code="2">lcgft</subfield>
    </datafield>
    <datafield ind1=" " ind2="7" tag="655">
      <subfield code="a">Documentary television programs.</subfield>
      <subfield code="2">lcgft</subfield>
    </datafield>
    <datafield ind1=" " ind2="7" tag="655">
      <subfield code="a">Nonfiction television programs.</subfield>
      <subfield code="2">lcgft</subfield>
    </datafield>
    <datafield ind1=" " ind2="7" tag="655">
      <subfield code="a">Television mini-series.</subfield>
      <subfield code="2">lcgft</subfield>
    </datafield>
    <datafield ind1=" " ind2="7" tag="655">
      <subfield code="a">Video recordings for the hearing impaired.</subfield>
      <subfield code="2">lcgft</subfield>
    </datafield>
    <datafield ind1="1" ind2=" " tag="700">
      <subfield code="a">Burns, Ken,</subfield>
      <subfield code="d">1953-</subfield>
      <subfield code="4">pro</subfield>
      <subfield code="4">drt</subfield>
      <subfield code="4">aus</subfield>
    </datafield>
    <datafield ind1="1" ind2=" " tag="700">
      <subfield code="a">Ward, Geoffrey C.</subfield>
      <subfield code="4">aus</subfield>
    </datafield>
    <datafield ind1="1" ind2=" " tag="700">
      <subfield code="a">Burns, Ric.</subfield>
      <subfield code="4">pro</subfield>
      <subfield code="4">aus</subfield>
    </datafield>
    <datafield ind1="1" ind2=" " tag="700">
      <subfield code="a">McCullough, David G.</subfield>
      <subfield code="4">nrt</subfield>
    </datafield>
    <datafield ind1="1" ind2=" " tag="700">
      <subfield code="a">Dewhurst, Colleen.</subfield>
    </datafield>
    <datafield ind1="1" ind2=" " tag="700">
      <subfield code="a">Fishburne, Laurence,</subfield>
      <subfield code="d">1961-</subfield>
    </datafield>
    <datafield ind1="1" ind2=" " tag="700">
      <subfield code="a">Freeman, Morgan.</subfield>
    </datafield>
    <datafield ind1="1" ind2=" " tag="700">
      <subfield code="a">Irons, Jeremy,</subfield>
      <subfield code="d">1948-</subfield>
    </datafield>
    <datafield ind1="1" ind2=" " tag="700">
      <subfield code="a">Jacobi, Derek.</subfield>
    </datafield>
    <datafield ind1="1" ind2=" " tag="700">
      <subfield code="a">Robards, Jason.</subfield>
    </datafield>
    <datafield ind1="1" ind2=" " tag="700">
      <subfield code="a">Waterston, Sam.</subfield>
    </datafield>
    <datafield ind1="1" ind2=" " tag="700">
      <subfield code="a">Axton, Hoyt.</subfield>
    </datafield>
    <datafield ind1="1" ind2=" " tag="700">
      <subfield code="a">Shaw, Bruce.</subfield>
      <subfield code="4">flm</subfield>
    </datafield>
    <datafield ind1="2" ind2=" " tag="710">
      <subfield code="a">Florentine Films.</subfield>
    </datafield>
    <datafield ind1="2" ind2=" " tag="710">
      <subfield code="a">WETA-TV (Television station : Washington, D.C.)</subfield>
    </datafield>
    <datafield ind1="2" ind2=" " tag="710">
      <subfield code="a">PBS Home Video.</subfield>
    </datafield>
    <datafield ind1="2" ind2=" " tag="710">
      <subfield code="a">Paramount Home Entertainment (Firm)</subfield>
    </datafield>
  </record>
</recordData>
</record>