
<record>
<recordSchema>marcxml</recordSchema>
<recordPacking>xml</recordPacking>
<recordData>
<record xmlns="http://www.loc.gov/MARC21/slim">
    <leader>00000cam a22000001  4500</leader>
    <controlfield tag="001">1034667</controlfield>
    <controlfield tag="008">810715s1969    dcuab    b    000 0 eng  </controlfield>
    <datafield ind1=" " ind2=" " tag="010">
      <subfield code="a">   76094656 </subfield>
    </datafield>
    <datafield ind1="1" ind2=" " tag="100">
      <subfield code="a">Jordan, Robert Paul.</subfield>
    </datafield>
    <datafield ind1="1" ind2="4" tag="245">
      <subfield code="a">The Civil War.</subfield>
    </datafield>
    <datafield ind1=" " ind2=" " tag="260">
      <subfield code="a">[Washington]</subfield>
      <subfield code="b">National Geographic Society</subfield>
      <subfield code="c">[1969]</subfield>
    </datafield>
    <datafield ind1=" " ind2=" " tag="300">
      <subfield code="a">215 p.</subfield>
      <subfield code="b">illus. (part col.), col. maps. (1 fold. in pocket)</subfield>
      <subfield code="c">27 cm.</subfield>
    </datafield>
    <datafield ind1=" " ind2=" " tag="500">
      <subfield code="a">"Produced by the National Geographical Special Publications Division."</subfield>
    </datafield>
    <datafield ind1=" " ind2=" " tag="520">
      <subfield code="a">Personalized portrait and pictorial chronicle of the men and events, campaigns and battlefields of the American Civil War.</subfield>
    </datafield>
    <datafield ind1="0" ind2=" " tag="505">
      <subfield code="a">1820-1860: the years of compromise -- 1861: battles for the border -- 1862: year of lost victories -- 1863: war stalks the land -- 1864: design for desolation -- 1965: an end and a beginning.</subfield>
    </datafield>
    <datafield ind1=" " ind2="0" tag="651">
      <subfield code="a">United States</subfield>
      <subfield code="x">History</subfield>
      <subfield code="y">Civil War, 1861-1865.</subfield>
    </datafield>
    <datafield ind1="1" ind2="2" tag="650">
      <subfield code="a">American Civil War.</subfield>
    </datafield>
    <datafield ind1="2" ind2="2" tag="650">
      <subfield code="a">History, 19th Century</subfield>
      <subfield code="z">United States.</subfield>
    </datafield>
    <datafield ind1=" " ind2="0" tag="651">
      <subfield code="a">United States</subfield>
      <subfield code="x">History</subfield>
      <subfield code="y">Civil War, 1861-1865</subfield>
      <subfield code="v">Juvenile literature.</subfield>
    </datafield>
    <datafield ind1="2" ind2="6" tag="610">
      <subfield code="a">National Geographic Society, Washington, D.C.</subfield>
      <subfield code="b">Special Publications Division.</subfield>
    </datafield>
    <datafield ind1=" " ind2="6" tag="651">
      <subfield code="a">États-Unis</subfield>
      <subfield code="x">Histoire</subfield>
      <subfield code="y">1861-1865 (Guerre de Sécession)</subfield>
    </datafield>
    <datafield ind1=" " ind2="6" tag="651">
      <subfield code="a">États-Unis</subfield>
      <subfield code="x">Histoire</subfield>
      <subfield code="y">1861-1865 (Guerre de Sécession)</subfield>
      <subfield code="x">Ouvrages illustrés.</subfield>
    </datafield>
    <datafield ind1=" " ind2="4" tag="650">
      <subfield code="a">National Geographic Society, Washington D.C., Publication Division.</subfield>
    </datafield>
    <datafield ind1=" " ind2="7" tag="655">
      <subfield code="a">History.</subfield>
      <subfield code="2">fast</subfield>
      <subfield code="0">(OCoLC)fst01411628</subfield>
    </datafield>
    <datafield ind1=" " ind2="7" tag="655">
      <subfield code="a">Juvenile works.</subfield>
      <subfield code="2">fast</subfield>
      <subfield code="0">(OCoLC)fst01411637</subfield>
    </datafield>
    <datafield ind1=" " ind2="7" tag="651">
      <subfield code="a">United States.</subfield>
      <subfield code="2">fast</subfield>
      <subfield code="0">(OCoLC)fst01204155</subfield>
    </datafield>
    <datafield ind1="2" ind2=" " tag="710">
      <subfield code="a">National Geographic Society (U.S.).</subfield>
      <subfield code="b">Special Publications Division.</subfield>
    </datafield>
  </record>
</recordData>
</record>