
<record>
<recordSchema>marcxml</recordSchema>
<recordPacking>xml</recordPacking>
<recordData>
<record xmlns="http://www.loc.gov/MARC21/slim">
    <leader>00000cam a2200000 a 4500</leader>
    <controlfield tag="001">395987</controlfield>
    <controlfield tag="008">730109s1961    nyuabf   b    001 0 eng  </controlfield>
    <datafield ind1=" " ind2=" " tag="010">
      <subfield code="a">   61006177 </subfield>
    </datafield>
    <datafield ind1="1" ind2=" " tag="100">
      <subfield code="a">Thomas, Hugh,</subfield>
      <subfield code="d">1931-</subfield>
    </datafield>
    <datafield ind1="1" ind2="4" tag="245">
      <subfield code="a">The Spanish Civil War /</subfield>
      <subfield code="c">Hugh Thomas.</subfield>
    </datafield>
    <datafield ind1=" " ind2=" " tag="260">
      <subfield code="a">New York :</subfield>
      <subfield code="b">Harper &amp; Brothers,</subfield>
      <subfield code="c">c1961.</subfield>
    </datafield>
    <datafield ind1=" " ind2=" " tag="300">
      <subfield code="a">xxix, 720 p., [16] p. of plates :</subfield>
      <subfield code="b">ill., maps ;</subfield>
      <subfield code="c">23 cm.</subfield>
    </datafield>
    <datafield ind1="0" ind2=" " tag="490">
      <subfield code="a">Harper Colophon books</subfield>
    </datafield>
    <datafield ind1="0" ind2=" " tag="505">
      <subfield code="a">Origins of the war -- Rising and revolution -- European embroilment -- Siege of Madrid -- War of attrition December 1937-November 1938 -- End of the war -- Appendix I. Economics of Spain -- Appendix II. Casualties of the war -- Appendix III. Foreign intervention in the Spanish War</subfield>
    </datafield>
    <datafield ind1=" " ind2="0" tag="651">
      <subfield code="a">Spain</subfield>
      <subfield code="x">History</subfield>
      <subfield code="y">Civil War, 1936-1939.</subfield>
    </datafield>
    <datafield ind1=" " ind2="6" tag="651">
      <subfield code="a">Espagne</subfield>
      <subfield code="x">Histoire</subfield>
      <subfield code="y">1936-1939 (Guerre civile)</subfield>
    </datafield>
    <datafield ind1=" " ind2="7" tag="655">
      <subfield code="a">History.</subfield>
      <subfield code="2">fast</subfield>
      <subfield code="0">(OCoLC)fst01411628</subfield>
    </datafield>
    <datafield ind1=" " ind2="7" tag="651">
      <subfield code="a">Spain.</subfield>
      <subfield code="2">fast</subfield>
      <subfield code="0">(OCoLC)fst01204303</subfield>
    </datafield>
    <datafield ind1="2" ind2=" " tag="710">
      <subfield code="a">Paul Avrich Collection (Library of Congress)</subfield>
      <subfield code="5">DLC</subfield>
    </datafield>
  </record>
</recordData>
</record>