
<record>
<recordSchema>marcxml</recordSchema>
<recordPacking>xml</recordPacking>
<recordData>
<record xmlns="http://www.loc.gov/MARC21/slim">
    <leader>00000cam a2200000   4500</leader>
    <controlfield tag="001">197955</controlfield>
    <controlfield tag="008">711014s1971    nyua          001 0 eng  </controlfield>
    <datafield ind1=" " ind2=" " tag="010">
      <subfield code="a">   77119671 </subfield>
    </datafield>
    <datafield ind1=" " ind2=" " tag="020">
      <subfield code="a">007010266X</subfield>
    </datafield>
    <datafield ind1=" " ind2=" " tag="020">
      <subfield code="a">9780070102668</subfield>
    </datafield>
    <datafield ind1=" " ind2=" " tag="020">
      <subfield code="a">0070102651</subfield>
    </datafield>
    <datafield ind1=" " ind2=" " tag="020">
      <subfield code="a">9780070102651</subfield>
    </datafield>
    <datafield ind1="1" ind2=" " tag="100">
      <subfield code="a">Catton, Bruce,</subfield>
      <subfield code="d">1899-1978.</subfield>
    </datafield>
    <datafield ind1="1" ind2="4" tag="245">
      <subfield code="a">The Civil War.</subfield>
    </datafield>
    <datafield ind1=" " ind2=" " tag="260">
      <subfield code="a">New York,</subfield>
      <subfield code="b">American Heritage Press</subfield>
      <subfield code="c">[1971]</subfield>
    </datafield>
    <datafield ind1=" " ind2=" " tag="300">
      <subfield code="a">341 p.</subfield>
      <subfield code="b">illus.</subfield>
      <subfield code="c">23 cm.</subfield>
    </datafield>
    <datafield ind1=" " ind2=" " tag="500">
      <subfield code="a">Narrative portion of the work first published in 1960 under title: The American heritage picture history of the Civil War.</subfield>
    </datafield>
    <datafield ind1="0" ind2=" " tag="505">
      <subfield code="a">A house divided -- The opening guns -- The clash of amateur armies -- Real warfare begins -- The navies -- Confederate high-water mark -- A search for allies -- Stalemate, East and West -- The South's last opportunity -- The armies -- Two economies at war -- The destruction of slavery -- The Northern vise tightens  -- The politics of war -- Total warfare -- The forlorn hope -- Victory -- End and beginning -- A sound of distant drums -- The leading participants.</subfield>
    </datafield>
    <datafield ind1=" " ind2="0" tag="651">
      <subfield code="a">United States</subfield>
      <subfield code="x">History</subfield>
      <subfield code="y">Civil War, 1861-1865.</subfield>
    </datafield>
    <datafield ind1=" " ind2="7" tag="655">
      <subfield code="a">History.</subfield>
      <subfield code="2">fast</subfield>
      <subfield code="0">(OCoLC)fst01411628</subfield>
    </datafield>
    <datafield ind1=" " ind2="7" tag="651">
      <subfield code="a">United States.</subfield>
      <subfield code="2">fast</subfield>
      <subfield code="0">(OCoLC)fst01204155</subfield>
    </datafield>
    <datafield ind1="1" ind2=" " tag="700">
      <subfield code="a">Catton, Bruce,</subfield>
      <subfield code="d">1899-1978.</subfield>
      <subfield code="t">American heritage picture history of the Civil War.</subfield>
    </datafield>
  </record>
</recordData>
</record>