
<record>
<recordSchema>marcxml</recordSchema>
<recordPacking>xml</recordPacking>
<recordData>
<record xmlns="http://www.loc.gov/MARC21/slim">
    <leader>00000cam a2200000 a 4500</leader>
    <controlfield tag="001">8114241</controlfield>
    <controlfield tag="008">811217s1982    nyu      b    000 1 eng  </controlfield>
    <datafield ind1=" " ind2=" " tag="010">
      <subfield code="a">   81022419 </subfield>
    </datafield>
    <datafield ind1=" " ind2=" " tag="020">
      <subfield code="a">0393013456</subfield>
    </datafield>
    <datafield ind1=" " ind2=" " tag="020">
      <subfield code="a">9780393013450</subfield>
    </datafield>
    <datafield ind1=" " ind2=" " tag="020">
      <subfield code="a">0380641135 (pbk.)</subfield>
    </datafield>
    <datafield ind1=" " ind2=" " tag="020">
      <subfield code="a">9780380641130 (pbk.)</subfield>
    </datafield>
    <datafield ind1="1" ind2=" " tag="100">
      <subfield code="a">Crane, Stephen,</subfield>
      <subfield code="d">1871-1900.</subfield>
    </datafield>
    <datafield ind1="1" ind2="4" tag="245">
      <subfield code="a">The red badge of courage :</subfield>
      <subfield code="b">an episode of the American Civil War /</subfield>
      <subfield code="c">Stephen Crane ; newly edited from Crane's original manuscript by Henry Binder.</subfield>
    </datafield>
    <datafield ind1=" " ind2=" " tag="260">
      <subfield code="a">New York :</subfield>
      <subfield code="b">Norton,</subfield>
      <subfield code="c">c1982.</subfield>
    </datafield>
    <datafield ind1=" " ind2=" " tag="300">
      <subfield code="a">ix, 173 p. ;</subfield>
      <subfield code="c">22 cm.</subfield>
    </datafield>
    <datafield ind1=" " ind2=" " tag="520">
      <subfield code="a">This stirring tale of action in the American Civil War captures the immediacies and experiences of actual battle and army life.</subfield>
    </datafield>
    <datafield ind1=" " ind2="0" tag="651">
      <subfield code="a">Virginia</subfield>
      <subfield code="x">History</subfield>
      <subfield code="y">Civil War, 1861-1865</subfield>
      <subfield code="v">Fiction.</subfield>
    </datafield>
    <datafield ind1=" " ind2="0" tag="650">
      <subfield code="a">Chancellorsville, Battle of, Chancellorsville, Va., 1863</subfield>
      <subfield code="v">Fiction.</subfield>
    </datafield>
    <datafield ind1="0" ind2="7" tag="650">
      <subfield code="a">Sezessionskrieg (1861-1865)</subfield>
      <subfield code="2">swd</subfield>
    </datafield>
    <datafield ind1="0" ind2="7" tag="650">
      <subfield code="a">Belletristische Darstellung.</subfield>
      <subfield code="2">swd</subfield>
    </datafield>
    <datafield ind1=" " ind2="4" tag="655">
      <subfield code="a">Belletristische Darstellung.</subfield>
    </datafield>
    <datafield ind1=" " ind2="4" tag="655">
      <subfield code="a">Historical fiction.</subfield>
    </datafield>
    <datafield ind1=" " ind2="4" tag="655">
      <subfield code="a">War stories.</subfield>
    </datafield>
    <datafield ind1=" " ind2="7" tag="655">
      <subfield code="a">War stories.</subfield>
      <subfield code="2">gsafd</subfield>
    </datafield>
    <datafield ind1=" " ind2="7" tag="655">
      <subfield code="a">Historical fiction.</subfield>
      <subfield code="2">gsafd</subfield>
    </datafield>
    <datafield ind1=" " ind2="7" tag="655">
      <subfield code="a">Fiction.</subfield>
      <subfield code="2">fast</subfield>
      <subfield code="0">(OCoLC)fst01423787</subfield>
    </datafield>
    <datafield ind1=" " ind2="7" tag="655">
      <subfield code="a">History.</subfield>
      <subfield code="2">fast</subfield>
      <subfield code="0">(OCoLC)fst01411628</subfield>
    </datafield>
    <datafield ind1=" " ind2="7" tag="651">
      <subfield code="a">Virginia.</subfield>
      <subfield code="2">fast</subfield>
      <subfield code="0">(OCoLC)fst01204597</subfield>
    </datafield>
    <datafield ind1=" " ind2="7" tag="651">
      <subfield code="a">Virginia</subfield>
      <subfield code="z">Chancellorsville.</subfield>
      <subfield code="2">fast</subfield>
      <subfield code="0">(OCoLC)fst01229917</subfield>
    </datafield>
    <datafield ind1="1" ind2=" " tag="700">
      <subfield code="a">Binder, Henry.</subfield>
    </datafield>
  </record>
</recordData>
</record>