
<record>
<recordSchema>marcxml</recordSchema>
<recordPacking>xml</recordPacking>
<recordData>
<record xmlns="http://www.loc.gov/MARC21/slim">
    <leader>00000cam a2200000 a 4500</leader>
    <controlfield tag="001">15550774</controlfield>
    <controlfield tag="008">870402s1988    nyuabf   b    001 0 eng  </controlfield>
    <datafield ind1=" " ind2=" " tag="010">
      <subfield code="a">   87011045 </subfield>
    </datafield>
    <datafield ind1=" " ind2=" " tag="020">
      <subfield code="a">0195038630 (alk. paper)</subfield>
    </datafield>
    <datafield ind1=" " ind2=" " tag="020">
      <subfield code="a">9780195038637 (alk. paper)</subfield>
    </datafield>
    <datafield ind1=" " ind2=" " tag="020">
      <subfield code="a">9780195168952</subfield>
    </datafield>
    <datafield ind1=" " ind2=" " tag="020">
      <subfield code="a">019516895X</subfield>
    </datafield>
    <datafield ind1="1" ind2=" " tag="100">
      <subfield code="a">McPherson, James M.</subfield>
    </datafield>
    <datafield ind1="1" ind2="0" tag="245">
      <subfield code="a">Battle cry of freedom :</subfield>
      <subfield code="b">the Civil War era /</subfield>
      <subfield code="c">James M. McPherson.</subfield>
    </datafield>
    <datafield ind1=" " ind2=" " tag="260">
      <subfield code="a">New York :</subfield>
      <subfield code="b">Oxford University Press,</subfield>
      <subfield code="c">1988.</subfield>
    </datafield>
    <datafield ind1=" " ind2=" " tag="300">
      <subfield code="a">xix, 909 p., [16] p. of plates :</subfield>
      <subfield code="b">ill., maps, ports. ;</subfield>
      <subfield code="c">25 cm.</subfield>
    </datafield>
    <datafield ind1="1" ind2=" " tag="490">
      <subfield code="a">The Oxford history of the United States ;</subfield>
      <subfield code="v">v. 6</subfield>
    </datafield>
    <datafield ind1=" " ind2=" " tag="520">
      <subfield code="a">Filled with fresh interpretations and information, puncturing old myths and challenging new ones, this fast-paced narrative fully integrates the political, social, and military events that crowded the two decades from the outbreak of one war in Mexico to the ending of another at Appomattox. Packed with drama and analytical insight, the book vividly recounts the momentous episodes that preceded the Civil War: the Dred Scott decision, the Lincoln-Douglas debates, John Brown's raid on Harper's Ferry. It then moves into a chronicle of the war itself, the battles, the strategic maneuvering on both sides, the politics, and the personalities. Particularly notable are new views on such matters as the slavery expansion issue in the 1850s, the origins of the Republican Party, the causes of secession, internal dissent and anti-war opposition in the North and the South, and the reasons for the Union's victory. The book's title refers to the sentiments that informed both the Northern and Southern views of the conflict: the South seceded in the name of that freedom of self-determination and self-government for which their fathers had fought in 1776, while the North stood fast in defense of the Union founded by those fathers as the bulwark of American liberty. Eventually, the North had to grapple with the underlying cause of the war, slavery, and adopt a policy of emancipation as a second war aim. This "new birth of freedom," as Lincoln called it, constitutes the proudest legacy of America's bloodiest conflict. This volume makes sense of that vast and confusing "second American Revolution" we call the Civil War, a war that transformed a nation and expanded our heritage of liberty.</subfield>
    </datafield>
    <datafield ind1=" " ind2=" " tag="586">
      <subfield code="a">Pulitzer Prize, History, 1989.</subfield>
    </datafield>
    <datafield ind1="0" ind2=" " tag="505">
      <subfield code="a">From the Halls of Montezuma -- The United States at midcentury -- Mexico will poison us -- An empire for slavery -- Slavery, rum, and Romanism -- The crime against Kansas -- Mudsills and greasy mechanics for A. Lincoln -- The Revolution of 1860 -- The counterrevolution of 1861 -- Facing both ways: the upper south's dilemma -- Amateurs go to war -- Farewell to the Ninety Days' War -- Blockade and beachhead: the Salt-water War, 1861-1862 -- The River War in 1862 -- The sinews of war -- Billy Yank's chickahominy blues -- We must free the slaves or be ourselves subdued -- Carry me back to old Virginny -- John Bull's Virginia reel -- Three rivers in winter, 1862-1863 -- Fire in the rear -- Long remember: the summer of '63 -- Johnny Reb's Chattanooga blues -- When this cruel war is over -- If it takes all summer -- After four years of failure -- We are going to be wiped off the earth -- South Carolina must be destroyed -- We are all Americans -- To the shoals of victory</subfield>
    </datafield>
    <datafield ind1=" " ind2="0" tag="651">
      <subfield code="a">United States</subfield>
      <subfield code="x">History</subfield>
      <subfield code="y">Civil War, 1861-1865</subfield>
      <subfield code="x">Campaigns.</subfield>
    </datafield>
    <datafield ind1=" " ind2="0" tag="651">
      <subfield code="a">United States</subfield>
      <subfield code="x">History</subfield>
      <subfield code="y">Civil War, 1861-1865.</subfield>
    </datafield>
    <datafield ind1=" " ind2="6" tag="651">
      <subfield code="a">États-Unis</subfield>
      <subfield code="x">Histoire</subfield>
      <subfield code="y">1861-1865 (Guerre de Sécession)</subfield>
      <subfield code="x">Campagnes et batailles.</subfield>
    </datafield>
    <datafield ind1=" " ind2="6" tag="651">
      <subfield code="a">États-Unis</subfield>
      <subfield code="x">Histoire</subfield>
      <subfield code="y">1861-1865 (Guerre de Sécession)</subfield>
    </datafield>
    <datafield ind1="1" ind2="7" tag="650">
      <subfield code="a">Amerikaanse burgeroorlog.</subfield>
      <subfield code="2">gtt</subfield>
    </datafield>
    <datafield ind1=" " ind2="7" tag="651">
      <subfield code="a">États-Unis</subfield>
      <subfield code="y">1861-1865 (Guerre de Sécession)</subfield>
      <subfield code="x">Campagnes militaires.</subfield>
      <subfield code="2">ram</subfield>
    </datafield>
    <datafield ind1="0" ind2="7" tag="650">
      <subfield code="a">Sezessionskrieg &lt;1861-1865&gt;</subfield>
      <subfield code="2">swd</subfield>
    </datafield>
    <datafield ind1=" " ind2="4" tag="651">
      <subfield code="a">United States</subfield>
      <subfield code="x">History</subfield>
      <subfield code="y">1861-1865, Civil War.</subfield>
    </datafield>
    <datafield ind1=" " ind2="4" tag="651">
      <subfield code="a">United States</subfield>
      <subfield code="x">History</subfield>
      <subfield code="y">1861-1865, Civil War</subfield>
      <subfield code="x">Campaigns.</subfield>
    </datafield>
    <datafield ind1=" " ind2="7" tag="655">
      <subfield code="a">History.</subfield>
      <subfield code="2">fast</subfield>
      <subfield code="0">(OCoLC)fst01411628</subfield>
    </datafield>
    <datafield ind1=" " ind2="7" tag="650">
      <subfield code="a">Military campaigns.</subfield>
      <subfield code="2">fast</subfield>
      <subfield code="0">(OCoLC)fst01710190</subfield>
    </datafield>
    <datafield ind1=" " ind2="7" tag="651">
      <subfield code="a">United States.</subfield>
      <subfield code="2">fast</subfield>
      <subfield code="0">(OCoLC)fst01204155</subfield>
    </datafield>
    <datafield ind1="4" ind2="2" tag="856">
      <subfield code="3">Contributor biographical information</subfield>
      <subfield code="u">http://catdir.loc.gov/catdir/enhancements/fy0725/87011045-b.html</subfield>
    </datafield>
    <datafield ind1="4" ind2="2" tag="856">
      <subfield code="3">Publisher description</subfield>
      <subfield code="u">http://catdir.loc.gov/catdir/enhancements/fy0603/87011045-d.html</subfield>
    </datafield>
    <datafield ind1="4" ind2="2" tag="856">
      <subfield code="u">http://www.gbv.de/dms/bowker/toc/9780195038637.pdf</subfield>
      <subfield code="3">Inhaltsverzeichnis</subfield>
    </datafield>
  </record>
</recordData>
</record>