
<record>
<recordSchema>marcxml</recordSchema>
<recordPacking>xml</recordPacking>
<recordData>
<record xmlns="http://www.loc.gov/MARC21/slim">
    <leader>00000cam a2200000 a 4500</leader>
    <controlfield tag="001">24247339</controlfield>
    <controlfield tag="008">910725s1992    enkb     b    001 0 eng  </controlfield>
    <datafield ind1=" " ind2=" " tag="010">
      <subfield code="a">   91026248 </subfield>
    </datafield>
    <datafield ind1=" " ind2=" " tag="020">
      <subfield code="a">0198144857</subfield>
    </datafield>
    <datafield ind1=" " ind2=" " tag="020">
      <subfield code="a">9780198144854</subfield>
    </datafield>
    <datafield ind1="1" ind2=" " tag="041">
      <subfield code="a">eng</subfield>
      <subfield code="h">lat</subfield>
    </datafield>
    <datafield ind1="0" ind2=" " tag="100">
      <subfield code="a">Lucan,</subfield>
      <subfield code="d">39-65.</subfield>
    </datafield>
    <datafield ind1="1" ind2="0" tag="240">
      <subfield code="a">Pharsalia.</subfield>
      <subfield code="l">English</subfield>
    </datafield>
    <datafield ind1="1" ind2="0" tag="245">
      <subfield code="a">Civil war /</subfield>
      <subfield code="c">Lucan ; translated with introduction and notes by S.H. Braund.</subfield>
    </datafield>
    <datafield ind1=" " ind2=" " tag="260">
      <subfield code="a">Oxford :</subfield>
      <subfield code="b">Clarendon Press ;</subfield>
      <subfield code="a">New York :</subfield>
      <subfield code="b">Oxford University Press,</subfield>
      <subfield code="c">1992.</subfield>
    </datafield>
    <datafield ind1=" " ind2=" " tag="300">
      <subfield code="a">lvi, 335 p. :</subfield>
      <subfield code="b">maps ;</subfield>
      <subfield code="c">23 cm.</subfield>
    </datafield>
    <datafield ind1=" " ind2=" " tag="500">
      <subfield code="a">Originally in Latin.</subfield>
    </datafield>
    <datafield ind1=" " ind2="0" tag="650">
      <subfield code="a">Epic poetry, Latin</subfield>
      <subfield code="v">Translations into English.</subfield>
    </datafield>
    <datafield ind1=" " ind2="0" tag="651">
      <subfield code="a">Rome</subfield>
      <subfield code="x">History</subfield>
      <subfield code="y">Civil War, 49-45 B.C.</subfield>
      <subfield code="v">Poetry.</subfield>
    </datafield>
    <datafield ind1=" " ind2="0" tag="650">
      <subfield code="a">Pharsalus, Battle of, Farsala, Greece, 48 B.C.</subfield>
      <subfield code="v">Poetry.</subfield>
    </datafield>
    <datafield ind1=" " ind2="7" tag="655">
      <subfield code="a">History.</subfield>
      <subfield code="2">fast</subfield>
      <subfield code="0">(OCoLC)fst01411628</subfield>
    </datafield>
    <datafield ind1=" " ind2="7" tag="655">
      <subfield code="a">Poetry.</subfield>
      <subfield code="2">fast</subfield>
      <subfield code="0">(OCoLC)fst01423828</subfield>
    </datafield>
    <datafield ind1=" " ind2="7" tag="655">
      <subfield code="a">Translations.</subfield>
      <subfield code="2">fast</subfield>
      <subfield code="0">(OCoLC)fst01423791</subfield>
    </datafield>
    <datafield ind1=" " ind2="7" tag="650">
      <subfield code="a">Epic poetry, Latin.</subfield>
      <subfield code="2">fast</subfield>
      <subfield code="0">(OCoLC)fst00913954</subfield>
    </datafield>
    <datafield ind1=" " ind2="7" tag="651">
      <subfield code="a">Greece</subfield>
      <subfield code="z">Farsala.</subfield>
      <subfield code="2">fast</subfield>
      <subfield code="0">(OCoLC)fst01296353</subfield>
    </datafield>
    <datafield ind1=" " ind2="7" tag="651">
      <subfield code="a">Rome (Empire)</subfield>
      <subfield code="2">fast</subfield>
      <subfield code="0">(OCoLC)fst01204885</subfield>
    </datafield>
    <datafield ind1="1" ind2=" " tag="700">
      <subfield code="a">Braund, Susanna Morton.</subfield>
    </datafield>
    <datafield ind1="0" ind2=" " tag="740">
      <subfield code="a">Civil War.</subfield>
    </datafield>
    <datafield ind1="4" ind2="2" tag="856">
      <subfield code="3">Publisher description</subfield>
      <subfield code="u">http://catdir.loc.gov/catdir/enhancements/fy0637/91026248-d.html</subfield>
    </datafield>
  </record>
</recordData>
</record>