
<record>
<recordSchema>marcxml</recordSchema>
<recordPacking>xml</recordPacking>
<recordData>
<record xmlns="http://www.loc.gov/MARC21/slim">
    <leader>00000cam a2200000 a 4500</leader>
    <controlfield tag="001">21160298</controlfield>
    <controlfield tag="008">890927s1990    nyuab    b    001 0 eng  </controlfield>
    <datafield ind1=" " ind2=" " tag="010">
      <subfield code="a">   89043475 </subfield>
    </datafield>
    <datafield ind1=" " ind2=" " tag="020">
      <subfield code="a">0394562852</subfield>
    </datafield>
    <datafield ind1=" " ind2=" " tag="020">
      <subfield code="a">9780394562858</subfield>
    </datafield>
    <datafield ind1=" " ind2=" " tag="020">
      <subfield code="a">0370315502</subfield>
    </datafield>
    <datafield ind1=" " ind2=" " tag="020">
      <subfield code="a">9780370315508</subfield>
    </datafield>
    <datafield ind1=" " ind2=" " tag="020">
      <subfield code="a">0679742778</subfield>
    </datafield>
    <datafield ind1=" " ind2=" " tag="020">
      <subfield code="a">9780679742777</subfield>
    </datafield>
    <datafield ind1="1" ind2=" " tag="100">
      <subfield code="a">Ward, Geoffrey C.</subfield>
    </datafield>
    <datafield ind1="1" ind2="4" tag="245">
      <subfield code="a">The Civil War :</subfield>
      <subfield code="b">an illustrated history /</subfield>
      <subfield code="c">narrative by Geoffrey C. Ward ; based on a documentary filmscript by Geoffrey C. Ward, Ric Burns, and Ken Burns ; with contributions by Don E. Fehrenbacher ... [et al.].</subfield>
    </datafield>
    <datafield ind1=" " ind2=" " tag="250">
      <subfield code="a">1st ed.</subfield>
    </datafield>
    <datafield ind1=" " ind2=" " tag="260">
      <subfield code="a">New York :</subfield>
      <subfield code="b">Knopf,</subfield>
      <subfield code="c">1990.</subfield>
    </datafield>
    <datafield ind1=" " ind2=" " tag="300">
      <subfield code="a">xix, 425 p. :</subfield>
      <subfield code="b">ill. (some col.), col. maps ;</subfield>
      <subfield code="c">29 cm.</subfield>
    </datafield>
    <datafield ind1="0" ind2=" " tag="505">
      <subfield code="a">Introduction: The crossroads of our being -- 1861: A house divided -- Why the war came / Don E. Fehrenbacher -- 1862: Forever free -- Who freeds the slaves? / Barbara J. Fields -- 1863: The universe of battle -- Men at war: an interview with Shelby Foote -- 1864: Most hallowed ground -- War and politics / James M. McPherson -- 1865: The better angels of our nature -- What the war made us / C. Vann Woodward.</subfield>
    </datafield>
    <datafield ind1=" " ind2=" " tag="520">
      <subfield code="a">The complete text of the bestselling narrative history of the Civil War--based on the celebrated PBS television series. This non-illustrated edition interweaves the author's narrative with the voices of the men and women who lived through that cataclysmic trail of our nationhood, from Abraham Lincoln to ordinary foot soldiers. Includes essays by distinguished historians of the era.</subfield>
    </datafield>
    <datafield ind1=" " ind2="0" tag="651">
      <subfield code="a">United States</subfield>
      <subfield code="x">History</subfield>
      <subfield code="y">Civil War, 1861-1865</subfield>
      <subfield code="v">Pictorial works.</subfield>
    </datafield>
    <datafield ind1=" " ind2="0" tag="651">
      <subfield code="a">United States</subfield>
      <subfield code="x">History</subfield>
      <subfield code="y">Civil War, 1861-1865.</subfield>
    </datafield>
    <datafield ind1="1" ind2="7" tag="650">
      <subfield code="a">Amerikaanse burgeroorlog.</subfield>
      <subfield code="2">gtt</subfield>
    </datafield>
    <datafield ind1=" " ind2="7" tag="651">
      <subfield code="a">États-Unis</subfield>
      <subfield code="y">1861-1865 (Guerre de Sécession)</subfield>
      <subfield code="2">ram</subfield>
    </datafield>
    <datafield ind1=" " ind2="7" tag="655">
      <subfield code="a">History.</subfield>
      <subfield code="2">fast</subfield>
      <subfield code="0">(OCoLC)fst01411628</subfield>
    </datafield>
    <datafield ind1=" " ind2="7" tag="655">
      <subfield code="a">Pictorial works.</subfield>
      <subfield code="2">fast</subfield>
      <subfield code="0">(OCoLC)fst01423874</subfield>
    </datafield>
    <datafield ind1=" " ind2="7" tag="651">
      <subfield code="a">United States.</subfield>
      <subfield code="2">fast</subfield>
      <subfield code="0">(OCoLC)fst01204155</subfield>
    </datafield>
    <datafield ind1="1" ind2=" " tag="700">
      <subfield code="a">Burns, Ken,</subfield>
      <subfield code="d">1953-</subfield>
    </datafield>
    <datafield ind1="1" ind2=" " tag="700">
      <subfield code="a">Burns, Ric.</subfield>
    </datafield>
    <datafield ind1="4" ind2="1" tag="856">
      <subfield code="3">Table of contents</subfield>
      <subfield code="u">http://www.gbv.de/dms/bowker/toc/9780394562858.pdf</subfield>
    </datafield>
    <datafield ind1="4" ind2="2" tag="856">
      <subfield code="3">Contributor biographical information</subfield>
      <subfield code="u">http://catdir.loc.gov/catdir/bios/random056/89043475.html</subfield>
    </datafield>
    <datafield ind1="4" ind2="2" tag="856">
      <subfield code="3">Publisher description</subfield>
      <subfield code="u">http://catdir.loc.gov/catdir/description/random042/89043475.html</subfield>
    </datafield>
  </record>
</recordData>
</record>