
<record>
<recordSchema>marcxml</recordSchema>
<recordPacking>xml</recordPacking>
<recordData>
<record xmlns="http://www.loc.gov/MARC21/slim">
    <leader>00000cam a2200000 a 4500</leader>
    <controlfield tag="001">31971810</controlfield>
    <controlfield tag="008">950117s1996    nyua   j      001 0 eng  </controlfield>
    <datafield ind1=" " ind2=" " tag="010">
      <subfield code="a">   95001507 </subfield>
    </datafield>
    <datafield ind1=" " ind2=" " tag="020">
      <subfield code="a">0060260246</subfield>
    </datafield>
    <datafield ind1=" " ind2=" " tag="020">
      <subfield code="a">9780060260248</subfield>
    </datafield>
    <datafield ind1=" " ind2=" " tag="020">
      <subfield code="a">0060260270 (lib. bdg.)</subfield>
    </datafield>
    <datafield ind1=" " ind2=" " tag="020">
      <subfield code="a">9780060260279 (lib. bdg.)</subfield>
    </datafield>
    <datafield ind1=" " ind2=" " tag="020">
      <subfield code="a">9780613336864</subfield>
    </datafield>
    <datafield ind1=" " ind2=" " tag="020">
      <subfield code="a">0613336860</subfield>
    </datafield>
    <datafield ind1="1" ind2=" " tag="100">
      <subfield code="a">Sandler, Martin W.</subfield>
    </datafield>
    <datafield ind1="1" ind2="0" tag="245">
      <subfield code="a">Civil War /</subfield>
      <subfield code="c">by Martin W. Sandler ; introduction by James H. Billington, Librarian of Congress.</subfield>
    </datafield>
    <datafield ind1=" " ind2=" " tag="250">
      <subfield code="a">1st ed.</subfield>
    </datafield>
    <datafield ind1=" " ind2=" " tag="260">
      <subfield code="a">New York :</subfield>
      <subfield code="b">HarperCollins Publishers,</subfield>
      <subfield code="c">c1996.</subfield>
    </datafield>
    <datafield ind1=" " ind2=" " tag="300">
      <subfield code="a">91 p. :</subfield>
      <subfield code="b">ill. (some col.) ;</subfield>
      <subfield code="c">23 x 26 cm.</subfield>
    </datafield>
    <datafield ind1=" " ind2=" " tag="500">
      <subfield code="a">"A Library of Congress book."</subfield>
    </datafield>
    <datafield ind1=" " ind2=" " tag="500">
      <subfield code="a">Includes index.</subfield>
    </datafield>
    <datafield ind1="1" ind2=" " tag="520">
      <subfield code="a">008 &amp; up.</subfield>
    </datafield>
    <datafield ind1="0" ind2="0" tag="505">
      <subfield code="a">A Nation divided -- Preparing for battle -- A War we'll remember -- Soldier boys -- Face-to-face -- Camp life -- On land and on sea -- A Modern war -- Turning points -- Road to reconciliation.</subfield>
    </datafield>
    <datafield ind1=" " ind2="0" tag="651">
      <subfield code="a">United States</subfield>
      <subfield code="x">History</subfield>
      <subfield code="y">Civil War, 1861-1865</subfield>
      <subfield code="v">Pictorial works</subfield>
      <subfield code="v">Juvenile literature.</subfield>
    </datafield>
    <datafield ind1=" " ind2="0" tag="651">
      <subfield code="a">United States</subfield>
      <subfield code="x">History</subfield>
      <subfield code="y">Civil War, 1861-1865</subfield>
      <subfield code="v">Juvenile literature.</subfield>
    </datafield>
    <datafield ind1=" " ind2="1" tag="651">
      <subfield code="a">United States</subfield>
      <subfield code="x">History</subfield>
      <subfield code="y">Civil War, 1861-1865.</subfield>
    </datafield>
    <datafield ind1=" " ind2="7" tag="655">
      <subfield code="a">History.</subfield>
      <subfield code="2">fast</subfield>
      <subfield code="0">(OCoLC)fst01411628</subfield>
    </datafield>
    <datafield ind1=" " ind2="7" tag="655">
      <subfield code="a">Juvenile works.</subfield>
      <subfield code="2">fast</subfield>
      <subfield code="0">(OCoLC)fst01411637</subfield>
    </datafield>
    <datafield ind1=" " ind2="7" tag="655">
      <subfield code="a">Pictorial works.</subfield>
      <subfield code="2">fast</subfield>
      <subfield code="0">(OCoLC)fst01423874</subfield>
    </datafield>
    <datafield ind1=" " ind2="7" tag="651">
      <subfield code="a">United States.</subfield>
      <subfield code="2">fast</subfield>
      <subfield code="0">(OCoLC)fst01204155</subfield>
    </datafield>
    <datafield ind1="4" ind2="2" tag="856">
      <subfield code="3">Publisher description</subfield>
      <subfield code="u">http://catdir.loc.gov/catdir/description/hc041/95001507.html</subfield>
    </datafield>
  </record>
</recordData>
</record>
</records>
<nextRecordPosition>11</nextRecordPosition>
<resultSetIdleTime/>
<diagnostics xmlns:srw="http://www.loc.gov/zing/srw/">
<diagnostic>
<uri>info:srw/diagnostic/1/59</uri>
<details/>
<message>:Resources exhausted - partial results available(32)</message>
</diagnostic>
</diagnostics>
<echoedSearchRetrieveRequest xmlns:srw="http://www.loc.gov/zing/srw/">
<version>1.1</version>
<query>"civil war"</query>
<maximumRecords>10</maximumRecords>
<recordPacking>xml</recordPacking>
<startRecord>1</startRecord>
<sortKeys>relevance</sortKeys>
<wskey>iSUYsM7SSdnK7yZUPZO7hY04gSKBM61yMjcsQwV8g2sQRSmAtWIUkx07qPmZKvRQaHVi8Lag1yBMvnfb</wskey>
</echoedSearchRetrieveRequest>
</searchRetrieveResponse>
